<record><leader>00000cas a22000007a 4500</leader><controlfield tag="001">16619858</controlfield><controlfield tag="008">870831d18911891ohudr ne      0    0eng d</controlfield><datafield ind1=" " ind2=" " tag="010"><subfield code="a">sn 87076615 </subfield></datafield><datafield ind1=" " ind2=" " tag="040"><subfield code="a">ONP</subfield><subfield code="b">eng</subfield><subfield code="c">ONP</subfield><subfield code="d">OCLCQ</subfield></datafield><datafield ind1=" " ind2=" " tag="042"><subfield code="a">msc</subfield></datafield><datafield ind1="0" ind2="4" tag="245"><subfield code="a">The Galion daily inquirer.</subfield></datafield><datafield ind1=" " ind2=" " tag="260"><subfield code="a">Galion, Ohio :</subfield><subfield code="b">Geo. L. Matthias,</subfield><subfield code="c">1891-</subfield></datafield><datafield ind1=" " ind2=" " tag="310"><subfield code="a">Daily</subfield></datafield><datafield ind1="0" ind2=" " tag="362"><subfield code="a">Vol. 1, no. 1 (Jan. 19, 1891)-</subfield></datafield><datafield ind1="1" ind2=" " tag="362"><subfield code="a">Ceased with Jan. 22, 1891 issue.</subfield></datafield><datafield ind1=" " ind2=" " tag="752"><subfield code="a">United States</subfield><subfield code="b">Ohio</subfield><subfield code="c">Crawford</subfield><subfield code="d">Galion.</subfield></datafield></record>